@online{Hajek2018,
archivePrefix = {arXiv},
arxivId = {1811.05281},
author = {HÃ¡jek, Pavel},
eprint = {1811.05281},
month = nov,
title = {Twisted IBL-infinity-algebra and string topology: First look and examples},
year = {2018}
}