@misc{20Hodge,
      title={Hodge decompositions and Poincar\'e duality models}, 
      author={Pavel H\'ajek},
      year={2020},
      eprint={2004.07362},
      archivePrefix={arXiv},
      primaryClass={math.AT},
      addendum={Submitted to Journal of Homotopy and Related Structures}
}

@misc{19FirstLook,
      title={Twisted IBL-infinity-algebra and string topology: First look and examples}, 
      author={Pavel H\'ajek},
      year={2019},
      eprint={1811.05281},
      archivePrefix={arXiv},
      primaryClass={math-ph}
}

@misc{20PhD,
      title={IBL-Infinity Model of String Topology from Perturbative Chern-Simons Theory}, 
      author={Pavel H\'ajek},
      year={2020},
      eprint={2003.07933},
      archivePrefix={arXiv},
      primaryClass={math-ph},
      addendum={Ph.D. thesis}
}
